@book{durand4,
title   = {Aerodynamic Theory},
author  = { Durand, William},
volume  = {IV},
year    = {1963},
publisher = {Dover Publications, Inc}
}
