---
---

@misc{navierstokes,
  author = {CLaude-Louis Navier and George Dabriel Stokes},
  title = {Navierâ€“Stokes equations},
  howpublished = "\url{https://en.wikipedia.org/wiki/Navier%E2%80%93Stokes_equations}",
  year = {2022}, 
  note = "[Online; accessed 02-March-2022]"
}

@misc{machnumber,
  author = {Ernst Mach},
  title = {Mach Number},
  howpublished = "\url{https://en.wikipedia.org/wiki/Mach_number}",
  year = {2022}, 
  note = "[Online; accessed 02-March-2022]"
}
